<?xml version="1.0" encoding="utf-8"?>
<record xmlns="http://www.loc.gov/MARC21/slim" xmlns:xsi="http://www.w3.org/2001/XMLSchema-instance" xsi:schemaLocation="http://www.loc.gov/MARC21/slim http://www.loc.gov/standards/marcxml/schema/MARC21slim.xsd">
	<leader>     nam a22     Mi 4500</leader>
	<controlfield tag="001">2772136</controlfield>
	<controlfield tag="003">NjP</controlfield>
	<controlfield tag="006">m        d        </controlfield>
	<controlfield tag="007">cr cn |||m|||a</controlfield>
	<controlfield tag="008">190221s1964    ir      ob    000 0 araod</controlfield>
	<datafield ind1=" " ind2=" " tag="040">
		<subfield code="a">ZYU</subfield>
		<subfield code="b">ara</subfield>
		<subfield code="e">rda</subfield>
		<subfield code="c">ZYU</subfield>
	</datafield>
	<datafield ind1="1" ind2="4" tag="050">
		<subfield code="a">KBL</subfield>
		<subfield code="b">.S89</subfield>
	</datafield>
	<datafield ind1="1" ind2=" " tag="100">
		<subfield code="6">880-01</subfield>
		<subfield code="a">Suyūrī, al-Miqdād ibn ʻAbd Allāh,</subfield>
		<subfield code="d">-1423.</subfield>
	</datafield>
	<datafield ind1="1" ind2="0" tag="245">
		<subfield code="6">880-02</subfield>
		<subfield code="a">Kanz al-ʻirfān fī fiqh al-Qurʼān /</subfield>
		<subfield code="c">li-Jamāl al-Dīn al-Miqdād ibn ʻAbd Allāh al-Suyūrī ; ʻallaqa ʻalayhi Muḥammad Bāqir Sharīf Zāddah wa-ashraf ʻalá taṣḥiḥuh wa-ikhrāj aḥādithuh Muḥammad Bāqir al-Bahbūdī.</subfield>
	</datafield>
	<datafield ind1=" " ind2=" " tag="260">
		<subfield code="6">880-03</subfield>
		<subfield code="a">Ṭihrān :</subfield>
		<subfield code="b">al-Maktabah al-Murtaḍawīyah,</subfield>
		<subfield code="c">1384 [1964]</subfield>
	</datafield>
	<datafield ind1=" " ind2=" " tag="300">
		<subfield code="a">online resource (2 volumes in 1)</subfield>
	</datafield>
	<datafield ind1=" " ind2=" " tag="336">
		<subfield code="a">text</subfield>
		<subfield code="2">rdacontent</subfield>
	</datafield>
	<datafield ind1=" " ind2=" " tag="337">
		<subfield code="a">computer</subfield>
		<subfield code="2">rdamedia</subfield>
	</datafield>
	<datafield ind1=" " ind2=" " tag="338">
		<subfield code="a">online resource</subfield>
		<subfield code="2">rdacarrier</subfield>
	</datafield>
	<datafield ind1=" " ind2=" " tag="500">
		<subfield code="a">Part of the Arabic Collections Online (ACO) project, contributed by Princeton University Libraries.</subfield>
	</datafield>
	<datafield ind1=" " ind2=" " tag="504">
		<subfield code="a">Includes bibliographical references.</subfield>
	</datafield>
	<datafield ind1=" " ind2=" " tag="533">
		<subfield code="a">Electronic reproduction.</subfield>
		<subfield code="b">New York, N.Y. :</subfield>
		<subfield code="c">New York University,</subfield>
		<subfield code="d">2019.</subfield>
		<subfield code="5">NNU</subfield>
	</datafield>
	<datafield ind1=" " ind2="0" tag="650">
		<subfield code="a">Islamic law.</subfield>
	</datafield>
	<datafield ind1=" " ind2="0" tag="650">
		<subfield code="a">Islam</subfield>
		<subfield code="x">Customs and practices.</subfield>
	</datafield>
	<datafield ind1=" " ind2="7" tag="650">
		<subfield code="a">Islam</subfield>
		<subfield code="x">Customs and practices.</subfield>
		<subfield code="2">fast</subfield>
		<subfield code="0">(OCoLC)fst00979785</subfield>
	</datafield>
	<datafield ind1=" " ind2="7" tag="650">
		<subfield code="a">Islamic law.</subfield>
		<subfield code="2">fast</subfield>
		<subfield code="0">(OCoLC)fst00979949</subfield>
	</datafield>
	<datafield ind1="1" ind2=" " tag="700">
		<subfield code="6">880-04</subfield>
		<subfield code="a">Sharīf, Muḥammad Bāqir.</subfield>
	</datafield>
	<datafield ind1="1" ind2=" " tag="700">
		<subfield code="6">880-05</subfield>
		<subfield code="a">Bahbūdī, Muḥammad al-Bāqir.</subfield>
	</datafield>
	<datafield ind1="2" ind2=" " tag="710">
		<subfield code="a">Princeton University.</subfield>
		<subfield code="b">Library.</subfield>
	</datafield>
	<datafield ind1="0" ind2=" " tag="730">
		<subfield code="a">Arabic Collections Online.</subfield>
	</datafield>
	<datafield ind1=" " ind2=" " tag="752">
		<subfield code="a">Iran</subfield>
		<subfield code="d">Tehran.</subfield>
	</datafield>
	<datafield ind1="0" ind2="8" tag="776">
		<subfield code="i">Online version:</subfield>
		<subfield code="a">Suyūrī, al-Miqdād ibn ʻAbd Allāh, -1423.</subfield>
		<subfield code="t">Kanz al-ʻirfān fī fiqh al-Qurʼān.</subfield>
		<subfield code="d">Ṭihrān : al-Maktabah al-Murtaḍawīyah, 1384 [1964]</subfield>
		<subfield code="w">(OCoLC)603618253</subfield>
	</datafield>
	<datafield ind1="0" ind2="8" tag="776">
		<subfield code="i">Online version:</subfield>
		<subfield code="a">Suyūrī, al-Miqdād ibn ʻAbd Allāh, -1423.</subfield>
		<subfield code="t">Kanz al-ʻirfān fī fiqh al-Qurʼān.</subfield>
		<subfield code="d">Ṭihrān : al-Maktabah al-Murtaḍawīyah, 1384 [1964]</subfield>
		<subfield code="w">(OCoLC)603618825</subfield>
	</datafield>
	<datafield ind1="0" ind2="8" tag="776">
		<subfield code="i">Print version:</subfield>
		<subfield code="a">Suyūrī, al-Miqdād ibn ʻAbd Allāh, -1423.</subfield>
		<subfield code="t">Kanz al-ʻirfān fī fiqh al-Qurʼān</subfield>
		<subfield code="w">(NjP)2772136</subfield>
		<subfield code="w">(OCoLC)37613831</subfield>
	</datafield>
	<datafield ind1="4" ind2="0" tag="856">
		<subfield code="u">http://hdl.handle.net/2333.1/ttdz0hh9</subfield>
	</datafield>
	<datafield ind1="1" ind2=" " tag="880">
		<subfield code="6">100-01</subfield>
		<subfield code="a">سيوري، المقداد بن عبد الله،‎‎</subfield>
		<subfield code="d">-1423.</subfield>
	</datafield>
	<datafield ind1="1" ind2="0" tag="880">
		<subfield code="6">245-02</subfield>
		<subfield code="a">كنز العرفان في فقه القرآن /‎‎</subfield>
		<subfield code="c">لجمال الدين المقداد بن عبد الله السيوري ؛ علق عليه محمد باقر شريف زاده واشرف على تصحيحه واخراج احاديثه محمد باقر البهبودي.‎‎</subfield>
	</datafield>
	<datafield ind1=" " ind2=" " tag="880">
		<subfield code="6">260-03</subfield>
		<subfield code="a">طهران :‎‎</subfield>
		<subfield code="b">المكتبة المرتضوية،‎‎</subfield>
		<subfield code="c">1384 [1964]</subfield>
	</datafield>
	<datafield ind1="1" ind2=" " tag="880">
		<subfield code="6">700-04</subfield>
		<subfield code="a">شريف، محمد باقر.‎‎</subfield>
	</datafield>
	<datafield ind1="1" ind2=" " tag="880">
		<subfield code="6">700-05</subfield>
		<subfield code="a">بهبودي، محمد الباقر.‎‎</subfield>
	</datafield>
	<datafield ind1=" " ind2=" " tag="959">
		<subfield code="a">NNU</subfield>
		<subfield code="b">WEB</subfield>
		<subfield code="c">GENI</subfield>
		<subfield code="t">0</subfield>
		<subfield code="m">Electronic access</subfield>
		<subfield code="s">01</subfield>
	</datafield>
	<datafield ind1=" " ind2=" " tag="999">
		<subfield code="i">NjP_2772136</subfield>
		<subfield code="o">(OCoLC)ocm37613831</subfield>
		<subfield code="s">princeton_aco001752:vol.1</subfield>
		<subfield code="s">princeton_aco001753:vol.2</subfield>
		<subfield code="s">princeton_aco001754:vol.3-4</subfield>
		<subfield code="s">princeton_aco001752:vol.1</subfield>
		<subfield code="s">princeton_aco001753:vol.2</subfield>
		<subfield code="s">princeton_aco001754:vol.3-4</subfield>
	</datafield>
</record>
